<record><leader>00000cas a22000007a 4500</leader><controlfield tag="001">12930835</controlfield><controlfield tag="008">851218d19681972inuwr ne      0    0eng d</controlfield><datafield ind1=" " ind2=" " tag="010"><subfield code="a">sn 85048238 </subfield></datafield><datafield ind1=" " ind2=" " tag="040"><subfield code="a">NPI</subfield><subfield code="b">eng</subfield><subfield code="c">NPI</subfield><subfield code="d">NPI</subfield><subfield code="d">OCLCQ</subfield></datafield><datafield ind1=" " ind2=" " tag="042"><subfield code="a">msc</subfield></datafield><datafield ind1="0" ind2="4" tag="245"><subfield code="a">The Hancock journal Democrat.</subfield></datafield><datafield ind1="3" ind2="0" tag="246"><subfield code="a">Hancock journal</subfield><subfield code="f">July 23, 1970-Feb. 11, 1971</subfield></datafield><datafield ind1=" " ind2=" " tag="260"><subfield code="a">Greenfield, Ind. :</subfield><subfield code="b">Walter P. Worland,</subfield><subfield code="c">1968-1972.</subfield></datafield><datafield ind1=" " ind2=" " tag="300"><subfield code="a">5 v. :</subfield><subfield code="b">ill. ;</subfield><subfield code="c">45 cm.</subfield></datafield><datafield ind1=" " ind2=" " tag="310"><subfield code="a">Weekly</subfield></datafield><datafield ind1="0" ind2=" " tag="362"><subfield code="a">Vol. 109, no. 36 (Sept. 5, 1968)-Nov. 9, 1972.</subfield></datafield><datafield ind1=" " ind2=" " tag="500"><subfield code="a">Published as: Hancock journal, July 23, 1970-Feb. 11, 1971.</subfield></datafield><datafield ind1=" " ind2=" " tag="515"><subfield code="a">Enumeration ceases with v. 112, no. 52 (Dec. 30, 1971).</subfield></datafield><datafield ind1=" " ind2=" " tag="752"><subfield code="a">United States</subfield><subfield code="b">Indiana</subfield><subfield code="c">Hancock</subfield><subfield code="d">Greenfield.</subfield></datafield><datafield ind1="0" ind2="0" tag="780"><subfield code="t">Hancock journal and The Hancock Democrat</subfield><subfield code="w">(DLC)sn 85048237</subfield></datafield><datafield ind1="0" ind2="0" tag="785"><subfield code="t">Hancock journal (Greenfield, Ind. : 1972)</subfield><subfield code="w">(DLC)sn 85048239</subfield></datafield></record>